<record xmlns='http://www.loc.gov/MARC21/slim'><leader>01616cim a22003852u 4500</leader><controlfield tag='001'>3601971</controlfield><controlfield tag='005'>20151214183007.0</controlfield><controlfield tag='007'>ss|lmnjluz|nuu</controlfield><controlfield tag='008'>991101s1988    nyunnn         l    eng d</controlfield><datafield ind1=' ' ind2=' ' tag='035'><subfield code='a'>(NIC)notisASF9036</subfield></datafield><datafield ind1=' ' ind2=' ' tag='035'><subfield code='a'>3601971</subfield></datafield><datafield ind1=' ' ind2=' ' tag='035'><subfield code='a'>(OCoLC)63898575</subfield></datafield><datafield ind1=' ' ind2=' ' tag='040'><subfield code='a'>NIC</subfield><subfield code='c'>NIC</subfield><subfield code='d'>NIC</subfield><subfield code='d'>NIC</subfield></datafield><datafield ind1='1' ind2=' ' tag='100'><subfield code='a'>Seznec, Alain.</subfield></datafield><datafield ind1='1' ind2='4' tag='245'><subfield code='a'>The Library in the next 25 years: books, computers, information, and research--the basic materials for building tomorrow</subfield><subfield code='h'>[sound recording]</subfield></datafield><datafield ind1=' ' ind2=' ' tag='260'><subfield code='c'>1988.</subfield></datafield><datafield ind1=' ' ind2=' ' tag='300'><subfield code='a'>1 sound cassette (92 min.) :</subfield><subfield code='b'>analog, mono.</subfield></datafield><datafield ind1=' ' ind2=' ' tag='500'><subfield code='a'>Recorded in Ithaca, NY by Cornell University.</subfield></datafield><datafield ind1=' ' ind2=' ' tag='500'><subfield code='a'>Sponsored by: Library Development, Office of.</subfield></datafield><datafield ind1=' ' ind2=' ' tag='518'><subfield code='a'>Panel, October 14, 1988.</subfield></datafield><datafield ind1=' ' ind2=' ' tag='520'><subfield code='a'>A panel discussion concerning the necessity of building an annexation or separate building to provide space for the explosion of new library materials at Cornell.</subfield></datafield><datafield ind1=' ' ind2='0' tag='650'><subfield code='a'>Academic libraries</subfield><subfield code='z'>New York (State)</subfield></datafield><datafield ind1='2' ind2='0' tag='610'><subfield code='a'>Cornell University</subfield><subfield code='x'>Libraries.</subfield></datafield><datafield ind1=' ' ind2='0' tag='650'><subfield code='a'>Academic libraries</subfield><subfield code='x'>Acquisitions.</subfield></datafield><datafield ind1=' ' ind2='0' tag='650'><subfield code='a'>Acquisitions (Libraries)</subfield></datafield><datafield ind1='2' ind2='7' tag='610'><subfield code='a'>Cornell University</subfield><subfield code='2'>fast</subfield><subfield code='0'>(OCoLC)fst00530369</subfield></datafield><datafield ind1=' ' ind2='7' tag='650'><subfield code='a'>Academic libraries</subfield><subfield code='2'>fast</subfield><subfield code='0'>(OCoLC)fst00794997</subfield></datafield><datafield ind1=' ' ind2='7' tag='650'><subfield code='a'>Academic libraries</subfield><subfield code='x'>Acquisitions</subfield><subfield code='2'>fast</subfield><subfield code='0'>(OCoLC)fst00794999</subfield></datafield><datafield ind1=' ' ind2='7' tag='650'><subfield code='a'>Acquisitions (Libraries)</subfield><subfield code='2'>fast</subfield><subfield code='0'>(OCoLC)fst00796015</subfield></datafield><datafield ind1=' ' ind2='7' tag='650'><subfield code='a'>Libraries</subfield><subfield code='2'>fast</subfield><subfield code='0'>(OCoLC)fst00997341</subfield></datafield><datafield ind1=' ' ind2='7' tag='651'><subfield code='a'>New York (State)</subfield><subfield code='2'>fast</subfield><subfield code='0'>(OCoLC)fst01210280</subfield></datafield><datafield ind1=' ' ind2='0' tag='830'><subfield code='a'>Trustee Council Weekend events.</subfield></datafield><datafield ind1='1' ind2=' ' tag='899'><subfield code='a'>CULectures</subfield></datafield><datafield ind1=' ' ind2=' ' tag='905'><subfield code='a'>20000314120000.0</subfield></datafield><datafield ind1='2' ind2=' ' tag='948'><subfield code='a'>20141221</subfield><subfield code='b'>m</subfield><subfield code='d'>batch</subfield><subfield code='e'>lts</subfield><subfield code='x'>addfast</subfield></datafield></record>